@book{ballard1998data,
  title={Data modeling techniques for data warehousing},
  author={Ballard, Chuck and Herreman, Dirk and Schau, Don and Bell, Rhonda and Kim, Eunsaeng and Valencic, Ann},
  year={1998},
  publisher={IBM Corporation International Technical Support Organization}
}
@inproceedings{phipps2002automating,
  title={Automating data warehouse conceptual schema design and evaluation.},
  author={Phipps, Cassandra and Davis, Karen C},
  booktitle={DMDW},
  volume={2},
  pages={2--2},
  year={2002},
  organization={Citeseer}
}
@book{fleischer2013konstruktion,
  title={Konstruktion und Anwendung eines multizweckorientierten hierarchischen Metamodellierungswerkzeugs},
  author={Fleischer, Stefan},
  volume={49},
  year={2013},
  publisher={Logos Verlag Berlin GmbH}
}
